<?xml version="1.0" encoding="UTF-8"?><collection xmlns="http://www.loc.gov/MARC21/slim"><record><leader>00485nam--2200193-i-4500</leader><controlfield tag="001">000007987</controlfield><controlfield tag="002">20161230</controlfield><controlfield tag="005">20161230201027</controlfield><controlfield tag="008">060222s1000------------r-----000-0-ger-d</controlfield><datafield ind1=" " ind2=" " tag="040"><subfield code="a">IFIN-HH</subfield></datafield><datafield ind1=" " ind2=" " tag="041"><subfield code="a">ger</subfield></datafield><datafield ind1=" " ind2=" " tag="080"><subfield code="a">538.3</subfield></datafield><datafield ind1="1" ind2=" " tag="100"><subfield code="a">Baumann, W</subfield></datafield><datafield ind1="1" ind2="0" tag="245"><subfield code="a">Elektromagnetische geate mit anker</subfield><subfield code="c">W. baumann</subfield></datafield><datafield ind1=" " ind2=" " tag="260"><subfield code="a">Munchen</subfield><subfield code="b">Carl Hanser Verlag</subfield><subfield code="c">1966</subfield></datafield><datafield ind1=" " ind2=" " tag="300"><subfield code="a">96 P</subfield></datafield><datafield ind1=" " ind2=" " tag="490"><subfield code="a">Betriebsbucher</subfield><subfield code="v">Vol. 23</subfield></datafield><datafield ind1=" " ind2=" " tag="852"><subfield code="a">25180</subfield><subfield code="c">537:538</subfield></datafield><datafield ind1=" " ind2=" " tag="CAT"><subfield code="a">Sys</subfield><subfield code="c">20110614</subfield><subfield code="h">135338</subfield></datafield></record></collection>